
@article{kim2014global,
	title={Global rates of convergence in log-concave density estimation},
	author={Kim, Arlene KH and Samworth, Richard J},
	journal={arXiv preprint arXiv:1404.2298},
	year={2014}
}

@article{guntusen:13,
	title={Global risk bounds and adaptation in univariate convex regression},
	author={Adityanand Guntuboyina and Bodhisattva Sen},
	journal={arXiv:1305.1648},
	year={2013}
}

@article{serfling1974probability,
  title={Probability inequalities for the sum in sampling without replacement},
  author={Serfling, Robert J},
  journal={The Annals of Statistics},
  volume={2},
  number={1},
  pages={39--48},
  year={1974},
  publisher={Institute of Mathematical Statistics}
}

@article{vershynin2010introduction,
  title={Introduction to the non-asymptotic analysis of random matrices},
  author={Vershynin, Roman},
  journal={arXiv preprint arXiv:1011.3027},
  year={2010}
}

@article{seijo2011nonparametric,
  title={Nonparametric least squares estimation of a multivariate convex regression function},
  author={Seijo, Emilio and Sen, Bodhisattva},
  journal={The Annals of Statistics},
  volume={39},
  number={3},
  pages={1633--1657},
  year={2011},
  publisher={Institute of Mathematical Statistics}
}

@article{lafferty2008rodeo,
  title={Rodeo: sparse, greedy nonparametric regression},
  author={Lafferty, John and Wasserman, Larry},
  journal={The Annals of Statistics},
  volume={36},
  number={1},
  pages={28--63},
  year={2008},
  publisher={Institute of Mathematical Statistics}
}

@article{wainwright2009sharp,
  title={Sharp thresholds for high-dimensional and noisy sparsity recovery using $\ell_1$-constrained
   quadratic programming (lasso)},
  author={Wainwright, Martin J},
  journal={Information Theory, IEEE Transactions on},
  volume={55},
  number={5},
  pages={2183--2202},
  year={2009},
  publisher={IEEE}
}

@book{HJ90,
  author="R. Horn and C. Johnson",
  title="Matrix Analysis",
  publisher="Cambridge University Press; Reprint edition",
  year="1990"
}

@article{Ravikumar:09,
  title = {Sparse additive models},
  author = {Pradeep Ravikumar and John Lafferty and Han Liu and Larry Wasserman},
  journal = {Journal of the Royal Statistical Society, Series B, Methodological},
  volume = {71},
  number = {5},
  pages = {1009-1030},
  year = {2009},
}

@unpublished{Raskutti:10,
  title = {Minimax-optimal rates for sparse additive models over kernel classes via convex programming},
  author = {Garvesh Raskutti and Martin J. Wainwright and Bin Yu},
  year = {2010},
  note = {arxiv:1008.3654}
}

@article{Raskutti:12,
  title = {Minimax-optimal rates for sparse additive models over kernel classes via convex programming},
  author = {Garvesh Raskutti and Martin J. Wainwright and Bin Yu},
  journal = {J. Mach. Learn. Res.},
  volume = {13},
  pages = {389--427},
  year = {2012},
}

@article{Yuan:07,
  journal = {J. R. Statist. Soc. B},
  year = {2007},
  volume = {69},
  number = {3},
  pages = {329--346},
  title = {Dimension reduction and coeffcient estimation in multivariate linear regression},
  author= {Ming Yuan and Ali Ekici and Zhaosong Lu and Renato Monteiro},
}

@techreport{fazel:02,
 author = {Maryam Fazel},
 institution = {Stanford University},
 note = {Doctoral Dissertation, Electrical Engineering Department},
 title = {Matrix Rank Minimization with Applications},
 year = {2002}
}

@article{Negahban:11,
	author = {Sahan Negahban and Martin J. Wainwright},
	title = {Estimation of (Near) Low-rank Matrices with Noise and High-Dimensional Scaling},
	journal = {Annals of Statistics},
	year = {2011},
	volume = {39},
	pages = {1069-1097}
}

@article{cesa:99,
	Author = {Nicol\`{o} Cesa-Bianchi and G\'{a}bor Lugosi},
	Journal = {The Annals of Statistics},
	Title = {On prediction of individual sequences},
	Pages = {1865--1894},
	Volume = 27,
        Number = {6},
	Year = 1999},
}

@unpublished{Vershynin:cov,
  title = {How close is the sample covariance matrix to the actual covariance matrix?},
  author = {Roman Vershynin},
  year = {2010},
  note = {arxiv:1004.3484}
}
 
@unpublished{wisdom,
   title = {Wisdom of crowds for robust gene network inference},
   author = {D. Marbach and J. C. Costello and R. K\"uffner and
                  N. Vega and R. J. Prill and D. M. Camacho and
                  K. R. Allison and the DREAM5 Consortium and M. Kellis
                  and J. J. Collins and G. Stolovitzky},
   year = {2012},
   note = {Submitted}
}

 
@article {grouplasso,
  author = {Ming Yuan and Yi Lin},
  title = {Model selection and estimation in regression with grouped variables},
  journal = {Journal of the Royal Statistical Society: Series B (Statistical Methodology)},
  volume = {68},
  number = {1},
  publisher = {Blackwell Publishing Ltd},
  pages = {49--67},
  year = {2006},
}

@article {watson:92,
  author = {G. A. Watson},
  title = {Characterization of the subdifferential of some matrix norms},
  journal = {Linear Algebra and Applications},
  volume = {170},
  pages = {1039--1053},
  year = {1992},
}

@article {recht:2010,
  author = {Benjamin Recht and Maryam Fazel and Pablo A. Parrilo},
  title = {Guaranteed Minimum Rank Solutions to Linear Matrix Equations via Nuclear Norm Minimization},
  journal = {SIAM Review},
  volume = {52},
  number = {3},
  pages = {471--501},
  year = {2010},
}

@article{Wain:09a,
    author = "Martin Wainwright",
    title = "Sharp Thresholds for High-dimensional and Noisy Sparsity Recovery
       using $\ell_1$-Constrained Quadratic Programming (Lasso)",
    journal = "IEEE Transactions on Information Theory",
    volume = {55},
    number = {5},
    pages = {2183--2202},
    month = {May},
    year = 2009}

@book{Boyd04,
  author = {Stephen Boyd and Lieven Vandenberghe},
  title = {Convex Optimization},
  publisher = {Cambridge University Press},
  year = {2004},
}


@article{Guntu:13,
  author = {A. Guntuboyina and B. Sen},
  year = {2013},
  title = {Covering numbers for convex functions},
  journal = {IEEE Trans. Info. Theory},
  volume = {59},
  pages = {1957--1965},
}

@article{Guntu:12,
  author = {A. Guntuboyina},
  year = {2012},
  title = {Optimal rates of convergence for convex set estimation from support functions},
  journal = {Annals of Statistics},
  volume={40},
  pages = {385--411},
}

@article{Chu:13,
  journal = {Optimization and Engineering},
  year = {2013},
  title = {A distributed algorithm for fitting generalized additive models},
  author = {Eric Chu and Arezou Keshavarz and Stephen Boyd},
}

@article{Seijo:11,
  author = {E. Seijo and B. Sen}, 
  title = {Nonparametric least squares estimation of a multivariate convex regression function},
  journal = {Ann. Statist.},
  volume = {39},
  pages = {1633--1657},
}


@article{Prince:90,
  author = {J. L. Prince and A. S. Willsky},
  year = {1990},
  title = {Reconstructing convex sets from support line measurements},
  journal = {IEEE Transactions on Pattern Analysis and Machine
  Intelligence},
  volume = {12},
  pages = {377--389},
}

@article{Lele:92,
  author = {A. S. Lele and S. R. Kulkarni and A. S. Willsky},
  title = {Convex-polygon estimation from support-line measurements
  and applications to target reconstruction from laser-radar data},
  journal = {Journal of the Optical Society of America, Series A},
  volume = {9},
  pages = {1693--1714},
  year = {1992},
}

@article{Golden:06,
  author = {A. Goldenshluger and A. Zeevi},
  year = {2006},
  title = {Recovering convex boundaries from blurred and noisy observations},
  journal = {Ann. Statist},
  volume = {34},
  pages ={1375--1394},
}

@article{Cule:10,
  author = {M. Cule and R. Samworth and M. Stewart}, 
  title = {Maximum likelihood estimation of a multi-dimensional
  log-concave density (with discussion)},
  journal = {J. R. Stat. Soc. Ser. B, Stat. Methodol.},
  volume = {72},
  pages = {545--600},
  year = {2010},
}

@article{Lim:12,
  journal = {Operations Research},
  title = {Consistency of Multidimensional Convex Regression},
  author = {Eunji Lim and Peter W. Glynn},
  volume = {60},
  number = {1},
  year = {2012},
  pages = {196--208},
}

@book{Chen:01,
  author = {H. Chen and D. D. Yao},
  year = {2001},
  title = {Fundamentals of Queueing Networks: Performance, Asymptotics, and Optimization},
  publisher = {Springer-Verlag},
  location = {New York},
}

@article{Pratt:68,
  author = {R. F. Meyer and J. W. Pratt},
  title = {The consistent assessment and fairing of preference functions},
  journal = {IEEE Trans. Systems Sci. Cybernetics},
  volume = {4},
  number = {3},
  pages = {270--278},
  year = {1968},
}

@inproceedings{Hannah:12,
  author = {L. A. Hannah and D. B. Dunson},
  title = {Ensemble Methods for Convex Regression with Applications to Geometric Programming Based Circuit Design},
  booktitle = {International Conference on Machine Learning (ICML)},
  year = {2012},
}

@inproceedings{SpAM:07,
  title={Spam: Sparse additive models},
  author={P. Ravikumar and H. Liu and J. Lafferty and L. Wasserman},
  year={2007},
   booktitle={Advances in Neural Information Processing Systems}
}

@inproceedings{Xi:09,
  title={Nonparametric greedy algorithm for the sparse learning problems},
  author={H. Liu and X. Chen},
  year={2009},
   booktitle={Advances in Neural Information Processing Systems}
}

@article{Bronshtein:76,
  author = {E. M. Bronshtein},
  title = {$\varepsilon$-entropy of convex sets and functions},
  journal = {Siberian Mathematical Journal},
  volume = {17},
  pages = {393--398},
  year = {1976}
}

@article{Kolch:10,
  journal = {The Annals of Statistics},
  title = {Sparsity in multiple kernel learning},
  author = {Vladimir Koltchinskii and Ming Yuan},
  year = {2010},
  volume = {38},
  number = {6},
  pages = {3660--3695},
}

@article{dalalyan:12,
  journal = {The Annals of Statistics},
  title = {Tight conditions for consistency of variable selection in the context of high dimensionality},
  author = {Comminges, La\"etitia and Dalalyan, Arnak S.},
  year = {2012},
  volume = {40},
  number = {5},
  pages = {2667--2696},
}

@article{bertin:08,
  journal = {Electronic Journal of Statistics},
  title = {Selection of variables and dimension reduction in high-dimensional non-parametric regression},
  author = {Karine Bertin and Guillaume Lecu\'{e}},
  year = {2008},
  volume = {2},
  pages = {1224--1241}
}

@article{devore:11,
  journal = {Constructive Approximation},
  title = {Approximation of functions of few variables in high dimensions},
  author = {Ronald DeVore and  Guergana Petrova and  Przemyslaw Wojtaszczyk},
  year = {2011},
  volume = {33},
  pages = {125--143},
}


@article{mossel:04,
  title = {Learning functions of $k$ relevant variables},
  journal = {Journal of Computer and System Sciences},
  author = {E. Mossel and R. O'Donnell and R. Servedio},
  year = {2004},
  volume = {69},
  number = {3},
  pages = {421--434},
}

@ARTICLE{BertinLecue,
    AUTHOR = {Bertin, Karine and Lecu{\'e}, Guillaume},
     TITLE = {Selection of variables and dimension reduction in
              high-dimensional non-parametric regression},
   JOURNAL = {Electron. J. Stat.},
  FJOURNAL = {Electronic Journal of Statistics},
    VOLUME = {2},
      YEAR = {2008},
     PAGES = {1224--1241},
  MRNUMBER = {2461900 (2010b:62142)},
}

@article{Meier09,
    author = {Lukas Meier and Sara van de Geer and Peter B\"{u}hlmann },
    title = {High-dimensional Additive Modelling},
    year = {2009},
    journal = {Annals of Statistics (to appear)},
    volume = {37},
    number = {6B},
    pages = {3779-3821}
}

@techreport{Raskutti:10,
      author       = "Raskutti, Garvesh and Wainwright, Martin J and Yu, Bin",
      title        = "Minimax-optimal rates for sparse additive models over
                      kernel classes via convex programming",
      number      = "arXiv:1008.3654",
      institution = {UC Berkeley},
      month        = "Aug",
      year         = "2010"
}


